@article{宋磊2003视频监控系统概述,
  title={视频监控系统概述},
  author={宋磊 and 黄祥林 and 沈兰荪},
  journal={测控技术},
  number={05},
  pages={33-35},
  year={2003},
}

@Misc{网络视频监控技术的未来发展趋势,
author = {{中国弱电网}},
title = {网络视频监控技术的未来发展趋势},
url = {http://www.hx-avic.com/shichangyanjiu/200809/08-118.html},
year = {2008},
month = {9}
}

@article{叶兴2019基于,
  title={基于C/S架构和RTMP协议的机房教学系统},
  author={叶兴 and 汪彦 and 肖金琢},
  journal={电脑知识与技术:学术版},
  volume={015},
  number={004},
  pages={91-93},
  year={2019},
}

@article{万梅芬2018基于流媒体技术的数字化校园文化设计与实现,
  title={基于流媒体技术的数字化校园文化设计与实现},
  author={万梅芬},
  journal={中国管理信息化},
  volume={021},
  number={020},
  pages={152-153},
  year={2018},
}

@Misc{流媒体：RTMP协议完全解析,
author = {{小岛上的黑桃六}},
title = {流媒体：RTMP 协议完全解析},
url = {https://zhuanlan.zhihu.com/p/191542130},
year = {2020},
month = {8},
day = {25}
}

@article{魏雪飞2020HLS,
  title={HLS流媒体技术在广播电视网络直播系统的应用},
  author={魏雪飞 and 周祥},
  journal={广播电视信息},
  number={9},
  year={2020},
}


@Misc{RTMP、HTTP-FLV、HLS，你了解常见的三大直播协议吗,
author = {{又拍云}},
title = {RTMP、HTTP-FLV、HLS，你了解常见的三大直播协议吗},
url = {https://www.upyun.com/tech/article/352/RTMP%E3%80%81HTTP-FLV%E3%80%81HLS%EF%BC%8C%E4%BD%A0%E4%BA%86%E8%A7%A3%E5%B8%B8%E8%A7%81%E7%9A%84%E4%B8%89%E5%A4%A7%E7%9B%B4%E6%92%AD%E5%8D%8F%E8%AE%AE%E5%90%97.html},
year = {2018},
month = {10},
day = {31}
}

@Misc{百度百科-全数字监控系统,
author = {{百度百科}},
title = {监控系统},
url = {https://baike.baidu.com/item/%E7%9B%91%E6%8E%A7%E7%B3%BB%E7%BB%9F/2354833}
}

@Misc{MyBatis,
author = {{MyBatis}},
title = {MyBatis Generator},
url = {http://mybatis.org/generator/}
}

@Misc{base64,
author = {{百度百科}},
title = {base64},
url = {https://baike.baidu.com/item/base64}
}

@Misc{DIP,
author = {{维基百科}},
title = {Dependency inversion principle},
url = {https://en.wikipedia.org/wiki/Dependency_inversion_principle}
}

@article{高松2011敏捷设计原则与设计模式的编程实践——单一职责原则与依赖倒置原则,
  title={敏捷设计原则与设计模式的编程实践——单一职责原则与依赖倒置原则},
  author={高松 and 牛治永},
  journal={计算机应用},
  volume={31},
  number={A02},
  pages={149-152},
  year={2011},
}

@article{黄沛2018基于,
  title={基于RESTful架构的科技信息共享接口系统的设计},
  author={黄沛},
  journal={软件},
  volume={v.39；No.459},
  number={07},
  pages={178-180},
  year={2018},
}

@article{周文峰2006基于,
  title={基于RBAC模型的权限管理系统设计与实现},
  author={周文峰 and 尤军考 and 何基香},
  journal={微计算机信息},
  volume={22},
  number={15},
  pages={35-36},
  year={2006},
}

@article{周虎2019一种基于,
  title={一种基于JWT认证token刷新机制研究},
  author={周虎},
  journal={软件工程},
  number={12},
  year={2019},
}

@phdthesis{李济同0,
  title={"数据库原理课程"在线评卷系统的设计与实现},
  author={李济同},
  school={吉林大学},
}

@phdthesis{李炎2019基于,
  title={基于Android的视频监控系统的设计与实现},
  author={李炎},
  school={东南大学},
  year={2019},
}

@Book{视频监控系统工程实用技术,
author = {王公儒},
title = {视频监控系统工程实用技术},
publisher = {中国铁道出版社},
year = {2018},
address = {北京},
edition = {},
month = {2}
}


@Book{浅谈监控系统的重要性和发展历史,
author = {张大鹏},
title = {浅谈监控系统的重要性和发展历史},
publisher = {环球市场 },
year = {2017},
address = {},
edition = {},
month = {}
}

@article{石平刚2018国铁货车检修车辅助管理系统研究与开发,
  title={国铁货车检修车辅助管理系统研究与开发},
  author={石平刚 and 徐丽 and 臧洁},
  journal={铁路计算机应用},
  volume={27},
  number={11},
  pages={16-20},
  year={2018},
}

@article{陈少尉2014基于,
  title={基于ONVIF协议的变电站网络摄像机测试系统设计与实现},
  author={陈少尉 and 蔡东升 and 黄琦 and 常政威 and 甄威},
  journal={电测与仪表},
  volume={51},
  number={016},
  pages={117-123},
  year={2014},
}

@book{贺雪晨2008多媒体技术实用教程,
  title={多媒体技术实用教程},
  author={贺雪晨},
  publisher={多媒体技术实用教程},
  year={2008},
}

@article{周文琼2019智慧供电服务柜员机系统设计与实现,
  title={智慧供电服务柜员机系统设计与实现},
  author={周文琼 and 王乐球 and 林树华},
  journal={软件导刊},
  number={7},
  year={2019},
}


@book{国之重器出版工程：云化虚拟现实技术与应用,
  title={国之重器出版工程：云化虚拟现实技术与应用},
  author={熊华平},
  publisher={人民邮电出版社},
  year={2019},
}

@phdthesis{曾清0基于,
  title={基于Android的流媒体服务系统的研究与设计},
  author={曾清},
  school={华南理工大学},
}

@book{SpringBoot开发实战：微课视频版,
  title={Spring Boot开发实战：微课视频版},
  author={陈景辉 and 吴胜},
  publisher={清华大学出版社},
  year={2019},
}

@article{王鹏2020精神分裂症多维度信息管理系统的设计与实现,
  title={精神分裂症多维度信息管理系统的设计与实现},
  author={王鹏 and 吴凯 and 王凯曦 and 窦建洪},
  journal={医疗卫生装备},
  volume={041},
  number={004},
  pages={48-55,84},
  year={2020},
}

@book{JavaWeb开发技术与实践,
  title={Java Web开发技术与实践},
  author={汪诚波 and 宋光慧},
  publisher={清华大学出版社},
  year={2018},
}

@phdthesis{刘意凡0基于,
  title={基于Spring MVC的亚马逊物流信息平台的设计与实现},
  author={刘意凡},
  school={北京交通大学},
}

@phdthesis{葛林0基于,
  title={基于ARM9和OpenCV的视频监控系统的研究},
  author={葛林},
  school={湖北工业大学},
}

@phdthesis{薄建彬0基于,
  title={基于FFmpeg的网络视频监控系统的设计与实现},
  author={薄建彬},
  school={重庆大学},
}

@misc{邵爱菊2015智能视频监控系统,
  title={智能视频监控系统},
  author={邵爱菊 and 陈晔 and 范文瑜 and 佘思骏 and 崔晓荫},
  year={2015},
}


@article{雷俊智2008移动视频监控技术应用研究,
  title={移动视频监控技术应用研究},
  author={雷俊智 and 沈骁 and 张建宇},
  journal={电信科学},
  number={10},
  pages={37-40},
  year={2008},
}

@article{丁瑞云2017家庭监控系统的发展,
  title={家庭监控系统的发展},
  author={丁瑞云 and 于洪},
  journal={中小企业管理与科技(下旬刊)},
  number={01},
  pages={63-64},
  year={2017},
}

@phdthesis{索郎邓珠0实时视频监控系统的设计与实现,
  title={实时视频监控系统的设计与实现},
  author={索郎邓珠},
  school={西安电子科技大学},
}

@phdthesis{夏俊锋0HTML5,
  title={HTML5下的视频会议系统中基于RTMP的直播解决方案的设计与实现},
  author={夏俊锋},
  school={华南理工大学},
}

@article{李世满2019以,
  title={以HTTP-FLV为协议便携式流媒体播放器开发及教学实践探索},
  author={李世满},
  journal={电脑知识与技术:学术版},
  volume={15},
  number={11},
  pages={136-137},
  year={2019},
}

@phdthesis{朱桂川0基于神经网络的用电行为监测技术的研究,
  title={基于神经网络的用电行为监测技术的研究},
  author={朱桂川},
  school={杭州电子科技大学},
}


@Article{ArtE,
author = {Author1 and Author2 and Author3 and others},
title = {Article Title},
journal = {Journal Name},
year = {2015},
month = {6},
volume = {23},
number = {9},
pages = {1-13}
}

@Book{Boo,
author = {作者1 and 作者2 and 作者3 and others},
title = {书名},
publisher = {出版社},
year = {2015},
address = {出版地},
edition = {二},
month = {5}
}
@Book{Boo1,
author = {作者1 and 作者2 and 作者3 and others},
title = {书名},
publisher = {出版社},
year = {2015},
address = {出版地},
edition = {},
month = {5}
}

@Book{BooE,
author = {Author1 and Author2 and Author3 and others},
title = {Book Name},
publisher = {Publisher Name},
year = {2015},
address = {Publisher Address},
edition = {},
edition = {2},
month = {5}
}

@InBook{Inboo,
author = {作者1 and 作者2 and 作者3 and others},
title = {书名},
publisher = {出版社},
year = {2015},
address = {出版地},
edition = {二},
month = {5},
pages = {2-13},
lang = {zh}
}

@InBook{demand_analysis,
author = {赖均等},
title = {软件工程},
publisher = {清华大学出版社},
year = {2016},
month = {01},
lang = {zh}
}

@InBook{InbooE,
author = {Author1 and Author2 and Author3 and others},
title = {Book Name},
publisher = {Publisher Name},
year = {2015},
address = {Publisher Address},
edition = {2},
month = {5},
pages = {2-13}
}

@InCollection{Incol,
author = {作者1 and 作者2 and 作者3 and others},
title = {篇名},
booktitle = {论文集名},
pages = {24-57},
edition = {二},
editor = {编辑/主编},
publisher = {出版社},
year = {2015},
address = {出版地},
month = {},
lang = {zh}
}

@InCollection{IncolE,
author = {Author1 and Author2 and Author3 and others},
title = {Paper Title},
booktitle = {Book Title},
pages = {24-57},
edition = {2},
editor = {Editor Name},
publisher = {Publisher Name},
year = {2015},
address = {Address},
month = {}
}

@MastersThesis{MT,
author = {作者1 and 作者2 and 作者3 and others},
title = {论文名},
school = {保存者（一般是学校）},
year = {2015},
address = {保存者地址},
month = {},
pages = {2-13},
lang = {zh}
}

@PhdThesis{PhD,
author = {作者1 and 作者2 and 作者3 and others},
title = {论文名},
school = {保存者（一般是学校）},
year = {2015},
address = {保存者地址},
month = {},
pages = {2-13},
lang = {zh}
}

@TechReport{TechR,
author = {作者1 and 作者2 and 作者3 and others},
title = {报告名},
institution = {机构},
year = {2015},
address = {机构地址},
month = {},
pages = {3-13},
lang = {zh}
}

@Misc{Net,
author = {{I-am-13}},
title = {新浪微博},
url = {http://weibo.com/StickCui},
year = {2015},
month = {5},
day = {7}
}

@trans{Trans,
author = {（原作者）作者1 and 作者2 and 作者3 and others},
title = {译著名},
publisher = {出版社},
year = {2015},
address = {出版地},
translator = {（译者）作者1 and 作者2 and 作者3 and others},
month = {5},
pages = {3-13},
lang = {zh}
}


@Misc{Net,
author = {{又拍云}},
title = {直播协议 HTTP-FLV 详解},
url = {https://zhuanlan.zhihu.com/p/28722048},
year = {2017},
month = {9},
day = {22}
}


@Misc{WIKI_FLV,
author = {{维基百科}},
title = {Flash Video},
url = {https://zh.wikipedia.org/wiki/Flash_Video},
year = {2020},
month = {12},
day = {8}
}
